<record><leader>00000cas a22000007a 4500</leader><controlfield tag="001">24947537</controlfield><controlfield tag="008">911213d18821923ncucr ne      0    0eng d</controlfield><datafield ind1=" " ind2=" " tag="010"><subfield code="a">sn 91068455 </subfield></datafield><datafield ind1=" " ind2=" " tag="040"><subfield code="a">NVJ</subfield><subfield code="b">eng</subfield><subfield code="c">NVJ</subfield><subfield code="d">OCLCQ</subfield></datafield><datafield ind1=" " ind2=" " tag="042"><subfield code="a">msc</subfield></datafield><datafield ind1="0" ind2="4" tag="245"><subfield code="a">The Kinston free press.</subfield></datafield><datafield ind1="1" ind2="7" tag="246"><subfield code="a">Kinston semi-weekly free press</subfield><subfield code="f">&lt;Jan. 1, 1910&gt;-</subfield></datafield><datafield ind1=" " ind2=" " tag="260"><subfield code="a">Kinston, Lenoir County, N.C. :</subfield><subfield code="b">W.S. Herbert</subfield></datafield><datafield ind1=" " ind2=" " tag="300"><subfield code="a">v.</subfield></datafield><datafield ind1=" " ind2=" " tag="310"><subfield code="a">Semiweekly,</subfield><subfield code="b">Apr. 15, 1896-Nov. 28, 1923</subfield></datafield><datafield ind1=" " ind2=" " tag="321"><subfield code="a">Weekly,</subfield><subfield code="b">&lt;Dec. 7, 1882&gt;-Apr. 9, 1896</subfield></datafield><datafield ind1="1" ind2=" " tag="362"><subfield code="a">Began in 1882; ceased in 1923.</subfield></datafield><datafield ind1=" " ind2=" " tag="580"><subfield code="a">Daily eds.: Daily free press (Kinston, N.C. : 1898), 1898-1900, and: Evening free press, 1900-1902, and: Daily free press (Kinston, N.C. : 1902), 1902-1923.</subfield></datafield><datafield ind1=" " ind2=" " tag="588"><subfield code="a">Description based on: Vol. 1, no. 36 (Dec. 7, 1882).</subfield></datafield><datafield ind1=" " ind2=" " tag="752"><subfield code="a">United States</subfield><subfield code="b">North Carolina</subfield><subfield code="c">Lenoir</subfield><subfield code="d">Kinston.</subfield></datafield><datafield ind1="1" ind2=" " tag="775"><subfield code="t">Daily free press (Kinston, N.C. : 1898)</subfield><subfield code="w">(DLC)sn 91068454</subfield></datafield><datafield ind1="1" ind2=" " tag="775"><subfield code="t">Evening free press</subfield><subfield code="w">(DLC)sn 91068513</subfield></datafield><datafield ind1="1" ind2=" " tag="775"><subfield code="t">Daily free press (Kinston, N.C. : 1902)</subfield><subfield code="w">(DLC)sn 91068514</subfield></datafield><datafield ind1="0" ind2="7" tag="785"><subfield code="t">Daily free press (Kinston, N.C. : 1902)</subfield><subfield code="w">(DLC)sn 91068514</subfield></datafield><datafield ind1="0" ind2="7" tag="785"><subfield code="t">Kinston daily free press</subfield><subfield code="w">(DLC)sn 91068515</subfield></datafield></record>